@book{shankar2012principles,
	title={Principles of Quantum Mechanics},
	author={Shankar, R.},
	isbn={9781475705768},
	url={https://books.google.com/books?id=sDvrBwAAQBAJ},
	year={2012},
	publisher={Springer US}
}

@book{GouldTobochnik+2010,
	author = {Harvey Gould and Jan Tobochnik},
	doi = {doi:10.1515/9781400837038},
	url = {https://doi.org/10.1515/9781400837038},
	title = {Statistical and Thermal Physics: With Computer Applications},
	year = {2010},
	publisher = {Princeton University Press},
	ISBN = {9781400837038}
}

@article{einstein1924quantum,
	title={Quantum theory of the monatomic ideal gas},
	author={Einstein, Albert},
	journal={Sitzungsberichte der Preussischen Akademie der Wissenschaften, Physikalisch-mathematische Klasse},
	pages={261--267},
	year={1924}
}

@article{ensher1996bose,
	title={Bose-Einstein condensation in a dilute gas: Measurement of energy and ground-state occupation},
	author={Ensher, JR and Jin, Deborah S and Matthews, MR and Wieman, CE and Cornell, Eric A},
	journal={Physical Review Letters},
	volume={77},
	number={25},
	pages={4984},
	year={1996},
	publisher={APS}
}


@article{Barenghi_2016,
	title={A Primer on Quantum Fluids},
	ISBN={9783319424767},
	ISSN={2191-5431},
	url={http://dx.doi.org/10.1007/978-3-319-42476-7},
	DOI={10.1007/978-3-319-42476-7},
	journal={SpringerBriefs in Physics},
	publisher={Springer International Publishing},
	author={Barenghi, Carlo and Parker, Nick G.},
	year={2016}
}

@book{vulpiani2009chaos,
	title={Chaos: From Simple Models To Complex Systems},
	author={Vulpiani, A. and Cecconi, F. and Cencini, M.},
	isbn={9789814467490},
	series={Series On Advances In Statistical Mechanics},
	url={https://books.google.com/books?id=29jFCgAAQBAJ},
	year={2009},
	publisher={World Scientific Publishing Company}
}

@article { DeterministicNonperiodicFlow,
	author = "Edward N.  Lorenz",
	title = "Deterministic Nonperiodic Flow",
	journal = "Journal of Atmospheric Sciences",
	year = "1963",
	publisher = "American Meteorological Society",
	address = "Boston MA, USA",
	volume = "20",
	number = "2",
	doi = "10.1175/1520-0469(1963)020<0130:DNF>2.0.CO;2",
	pages=      "130 - 141",
	url = "https://journals.ametsoc.org/view/journals/atsc/20/2/1520-0469_1963_020_0130_dnf_2_0_co_2.xml"
}

@misc{bohr_n_1920_2051363,
	author       = {Bohr, N.},
	title        = {\"Uber die Serienspektra der Elemente},
	month        = Oct,
	year         = 1920,
	publisher    = {Zenodo},
	doi          = {10.1007/bf01329978},
	url          = {https://doi.org/10.1007/bf01329978}
}

@incollection{haake1991quantum,
	title={Quantum signatures of chaos},
	author={Haake, Fritz},
	booktitle={Quantum Coherence in Mesoscopic Systems},
	pages={583--595},
	year={1991},
	publisher={Springer}
}

@article{PhysRevA.83.043611,
	title = {Wave chaos in the nonequilibrium dynamics of the Gross-Pitaevskii equation},
	author = {Brezinov\'a, Iva and Collins, Lee A. and Ludwig, Katharina and Schneider, Barry I. and Burgd\"orfer, Joachim},
	journal = {Phys. Rev. A},
	volume = {83},
	issue = {4},
	pages = {043611},
	numpages = {12},
	year = {2011},
	month = {Apr},
	publisher = {American Physical Society},
	doi = {10.1103/PhysRevA.83.043611},
	url = {https://link.aps.org/doi/10.1103/PhysRevA.83.043611}
}

@article{PhysRevLett.62.2065,
	title = {Numerically induced chaos in the nonlinear Schr\"odinger equation},
	author = {Herbst, B. M. and Ablowitz, Mark J.},
	journal = {Phys. Rev. Lett.},
	volume = {62},
	issue = {18},
	pages = {2065--2068},
	numpages = {0},
	year = {1989},
	month = {May},
	publisher = {American Physical Society},
	doi = {10.1103/PhysRevLett.62.2065},
	url = {https://link.aps.org/doi/10.1103/PhysRevLett.62.2065}
}

@article{PhysRevLett.71.2683,
	title = {Numerical chaos, roundoff errors, and homoclinic manifolds},
	author = {Ablowitz, Mark J. and Schober, Constance and Herbst, Ben M.},
	journal = {Phys. Rev. Lett.},
	volume = {71},
	issue = {17},
	pages = {2683--2686},
	numpages = {0},
	year = {1993},
	month = {Oct},
	publisher = {American Physical Society},
	doi = {10.1103/PhysRevLett.71.2683},
	url = {https://link.aps.org/doi/10.1103/PhysRevLett.71.2683}
}
@book{pethick2002bose,
	title={Bose-Einstein Condensation in Dilute Gases},
	author={Pethick, C.J. and Smith, H.},
	isbn={9780521665803},
	lccn={00102562},
	url={https://books.google.com/books?id=iBk0G3\_5iIQC},
	year={2002},
	publisher={Cambridge University Press}
}


@book{1985--ieee754
	,note={Note: Standard 754--1985}
	,title={{IEEE standard for binary floating-point arithmetic}}
	,booktitle={{IEEE standard for binary floating-point arithmetic}}
	,publisher={Institute of Electrical and Electronics Engineers}
	,address={New York}
	,year={1985}
}

@article{HK:1964,
	author = {Hohenberg, P. and Kohn, W.},
	journal = pr,
	month = nov,
	number = {3B},
	pages = {B864--B871},
	title = {Inhomogeneous Electron Gas},
	volume = {136},
	year = {1964}}

@article{allen1938flow,
	title={Flow of liquid helium II},
	author={Allen, John F and Misener, AD},
	journal={Nature},
	volume={141},
	number={3558},
	pages={75--75},
	year={1938},
	publisher={Nature Publishing Group}
}