@book{sedra1998microelectronic,
  title={Microelectronic Circuits},
  author={Sedra, A.S. and Sedra, D.E.A.S. and Smith, K.C. and Smith, P.E.K.C.},
  isbn={9780195116632},
  lccn={97011254},
  series={Oxford series in electrical and computer engineering},
  url={https://books.google.com/books?id=RcodQm6LaVEC},
  year={1998},
  publisher={Oxford University Press}
}


@book{nilssonriedel,
	title={Electric Circuits},
	author={James Nilsson, Susan Riedel},
	isbn={},
	lccn={},
	year={2015},
	publisher={Pearson}
}
