@book{demtroder2010, place={Heidelberg}, title={Atoms, molecules and photons an introduction to atomic-, molecular-, and quantum-physics}, publisher={Springer}, author={Demtr\"oder W.}, year={2010}}

@article{Barenghi_2016,
	title={A Primer on Quantum Fluids},
	ISBN={9783319424767},
	ISSN={2191-5431},
	url={http://dx.doi.org/10.1007/978-3-319-42476-7},
	DOI={10.1007/978-3-319-42476-7},
	journal={SpringerBriefs in Physics},
	publisher={Springer International Publishing},
	author={Barenghi, Carlo and Parker, Nick G.},
	year={2016}
}
